Some random BibTeX entries stolen from all over
the place for this example.

@ARTICLE{Meyer2000,
AUTHOR="Bernd Meyer",
TITLE="A constraint-based framework for diagrammatic reasoning",
JOURNAL="Applied Artificial Intelligence",
VOLUME= "14",
ISSUE = "4",
PAGES= "327--344",
YEAR=2000
}
@ARTICLE{Codishetal2000,
AUTHOR="M. Codish and K. Marriott and C.K. Taboch",
TITLE="Improving program analyses by structure untupling",
JOURNAL="Journal of Logic Programming",
VOLUME= "43",
ISSUE = "3",
PAGES= "251--263",
YEAR=2000
}
@inproceedings{Huetal2000,
author = "J. Hu and H.R. Wu and A. Jennings and X. Wang",
title = "Fast and robust equalization: A case study",
booktitle = "Proceedings of the World Multiconference on Systemics, Cybernetics and Informatics, (SCI 2000), Florida, USA, 23-26 July 2000",
publisher = "International Institute of Informatics and Systemics",
address = "FL, USA",
pages = "398--403",
year = "2000"
}
@Book{Conway2000,
author = {Damian Conway},
title = {Object {O}riented {P}erl: {A} comprehensive guide to concepts and programming techniques},
publisher = {Manning Publications Co.},
year = {2000},
address = {Connecticut, USA}
}
@ARTICLE{seville,
   author    = "{Adams et al.}",
   title     = "The {S}eville Statement on Violence", 
   journal   = "6th International Colloquium \emph{on} Brain and Aggression",
   year      = 1986,
}
@MANUAL{AmSLaTeX,
   author    = "{American Mathematical Society}",
   title     = "\amslatex/ Version 1.2 User's Guide",
   month     = jan,
   year      = 1995,
   note      = "Filename: \fn{amsldoc.dvi}",
}
@MANUAL{rotating,
   author    = "L. Barroca",
   title     = "A style option for rotated objects in \latex/",
   editiontype = "Version",
   edition   = "2.10",
   month     = aug,
   year      = 1995,
   note      = "Filename: \fn{rotating.dvi}",
}
@MANUAL{uwamaths,
   author    = "G. Gamble",
   title     = "The \pkg{uwamaths} package",
   editiontype = "Version",
   edition   = "1.0d",
   month     = may,
   year      = 1996,
   note      = "Filename: \fn{uwamaths.dvi}",
}
@ARTICLE{Gill,
   author    = "A. E. Gill",
   title     = "Some Simple Solutions for Heat-Induced Tropical Circulation",
   journal   = "Quart. J. R. Met. Soc.",
   volume    = 106,
   year      = 1980,
   pages     = "447-462",
}
@BOOK{Companion,
   author    = "M. Goossens and F. Mittelbach and A. Samarin",
   title     = "The \latex/ Companion",
   publisher = "Addison-Wesley",
   year      = 1994,
}
@BOOK{TeX,
   author    = "D. E. Knuth",
   title     = "The \tex/book",
   publisher = "Addison-Wesley",
   year      = 1984,
   note      = "Describes \tex/ in detail",
}
@BOOK{LaTeX,
   author    = "L. Lamport",
   title     = "\LaTeX{} -- A Document Preparation System",
   publisher = "Addison-Wesley",
   edition   = "first",
   year      = 1985,
   note      = "Describes \latex/ 2.09",
}
@BOOK{LaTeXe,
   author    = "L. Lamport",
   title     = "\LaTeX{} -- A Document Preparation System",
   publisher = "Addison-Wesley",
   edition   = "second",
   year      = 1994,
   note      = "Updated for \LaTeXe",
}
@MANUAL{usrguide,
   author    = "{The \latex/3  Project Team}",
   title     = "\latexe/ for authors",
   month     = jun,
   year      = 1995,
}
@MANUAL{lshort,
   author    = "T. Oetiker",
   title     = "The Not So Short Introduction to \LaTeXe",
   editiontype = "Version",
   edition   = "2.2",
   month     = jan,
   year      = 1996,
}
@BOOK{Hamlet,
   author    = "W. Shakespeare",
   title     = "Hamlet",
   publisher = "F.~S.~Crofts~\&~Co.",
   address   = "New York",
   year      = 1946,
   note      = "Act~I, Scene~3, Lines~70--72, are apropos",
}






@BOOK{kant02,
author="Immanuel Kant",
title="Prolegomena to Any Future Metaphysics That Can Qualify as a Science",
note="Translated by Paul Carus.",
publisher="Open Court Publishing Company",
address="Illinois",
year = 1902,
}

@BOOK{lamport94,
author="Leslie Lamport",
title="\LaTeX: A Document Preparation System",
publisher="Addison-Wesley",
address="Massachusetts",
edition="2nd",
year=1994,
}
